@article{2009lsi,
  title={{LSI} における素子ばらつきの評価とモデル化に関する研究},
  author={大川眞一},
  year={2009},
  publisher={[出版者不明]}
}
@article{光通信システム技術の変遷,
  title={光通信システム技術の変遷と今後の転換(創刊 1000 号記念特集：Changes for the Better)--(特集 当社技術の変遷と将来展望)},
  author={中川潤一},
  journal={三菱電機技報},
  volume={88},
  number={9},
  pages={548--551},
  year={2014},
  publisher={三菱電機エンジニアリング e-ソリューション \& サービス事業部; 1962-}
}
@book{大津,
author = {大津元一，小林潔},
title = {ナノフォトニクスの基礎},
publisher = {オーム社},
year = {2006},
memo = {なのフォトのことok}
}

@book{光ファイバ通信,
author = {菊池和朗},
title = {光ファイバ通信の基礎},
publisher = {昭晃社},
year = {1997},
memo = {BERとかQ値とかok}
}

@book{光通信,
author = {加藤 宜雄},
title = {光通信技術入門},
publisher = {コロナ社},
year = {2005}
}

@book{光通信技術,
author = {三木哲也，須藤昭一},
title = {光通信技術ハンドブック},
publisher = {オプトロニクス社},
year = {2002},
memo = {BERQok}
}

@article{miller2009device,
  title={Device Requirements for Optical Interconnects to Silicon Chips},
  author={Miller, David AB},
  journal={Proceedings of the IEEE},
  volume={97},
  number={7},
  pages={1166--1185},
  year={2009},
  publisher={IEEE},
  memo = {1fj/bitの見積りok}
}

@article{2014100gbit,
  title={100Gbit/s CFP 光トランシーバ搭載用小型半導体光増幅器 (SOAモジュール)},
  author={寺西良太，山内康之，藤村泰，金丸聖，阿部務，佐藤敬二},
  journal={SEI テクニカルレビュー},
  number={184},
  pages={50--54},
  year={2014},
  publisher={住友電気工業},
  memo = {BERと入力光の関係ok}
}

@article{光トランスポートネットワーク技術,
  title={将来の革新的光トランスポートネットワーク技術(特集 超高速大容量光トランスポートネットワーク)},
  author={盛岡敏夫，神野正彦，高良秀彦},
  journal={NTT 技術ジャーナル},
  volume={23},
  number={3},
  pages={32--36},
  year={2011},
  publisher={電気通信協会},
  memo = {通信容量増えるよとかの話。ok}
}

@inproceedings{lippmann2000evaluating,
  title={Evaluating intrusion detection systems: The 1998 DARPA off-line intrusion detection evaluation},
  author={Lippmann, Richard P and Fried, David J and Graf, Isaac and Haines, Joshua W and Kendall, Kristopher R and McClung, David and Weber, Dan and Webster, Seth E and Wyschogrod, Dan and Cunningham, Robert K and others},
  booktitle={DARPA Information Survivability Conference and Exposition, 2000. DISCEX'00. Proceedings},
  volume={2},
  pages={12--26},
  year={2000},
  organization={IEEE},
  memo = {ネット上の信頼は攻撃による潜在的ダメージを非常に増加させている。ok}
}

@inproceedings{clark2004scalable,
  title={Scalable pattern matching for high speed networks},
  author={Clark, Christopher R and Schimmel, David E},
  booktitle={Field-Programmable Custom Computing Machines, 2004. FCCM 2004. 12th Annual IEEE Symposium on},
  pages={249--257},
  year={2004},
  organization={IEEE},
  memo = {CMOSのパタンマッチok}
}

@inproceedings{balasubramaniyan1998architecture,
  title={An architecture for intrusion detection using autonomous agents},
  author={Balasubramaniyan, Jai Sundar and Garcia-Fernandez, Jose Omar and Isacoff, David and Spafford, Eugene and Zamboni, Diego},
  booktitle={Computer Security Applications Conference, 1998. Proceedings. 14th Annual},
  pages={13--24},
  year={1998},
  organization={IEEE},
  memo = {サイバー攻撃増えてるよok}
}

@article{tankard2011advanced,
  title={Advanced Persistent threats and how to monitor and deter them},
  author={Tankard, Colin},
  journal={Network security},
  volume={2011},
  number={8},
  pages={16--19},
  year={2011},
  publisher={Elsevier},
  memo = {サイバー攻撃が増えてるよok}
}

@article{サイバー攻撃の検知,
  title={進化するマルウェア等によるサイバー攻撃の検知・解析・対策技術},
  author={針生剛男，秋山満昭，青木一史，八木毅，岩村誠，倉上弘},
  journal={NTT 技術ジャーナル},
  pages={13},
  year={2012},
  memo = {サイバー攻撃増えてるよok}
}

@article{ディジタルコヒーレント,
  title={光通信ネットワークの大容量化に向けたディジタルコヒーレント信号処理技術の研究開発},
  author={水落隆司，久保和夫，宮田好邦，神尾亨秀},
  journal={電子情報通信学会誌},
  volume={95},
  number={12},
  pages={1100--1116},
  year={2012},
  memo = {光通信容量増やせよって要求があるok}
}
